%% This BibTeX bibliography file was created using BibDesk.
%% http://bibdesk.sourceforge.net/


%% Created for Carlos Arguelles at 2014-09-29 16:26:30 -0500 


%% Saved with string encoding Unicode (UTF-8) 



@article{Arguelles:2015dca,
      author         = "Argüelles, Carlos A. and Katori, Teppei and Salvado,
                        Jordi",
      title          = "{New Physics in Astrophysical Neutrino Flavor}",
      journal        = "Phys. Rev. Lett.",
      volume         = "115",
      year           = "2015",
      pages          = "161303",
      doi            = "10.1103/PhysRevLett.115.161303",
      eprint         = "1506.02043",
      archivePrefix  = "arXiv",
      primaryClass   = "hep-ph",
      SLACcitation   = "%%CITATION = ARXIV:1506.02043;%%"
}

@article{Bustamante:2015waa,
      author         = "Bustamante, Mauricio and Beacom, John F. and Winter,
                        Walter",
      title          = "{Theoretically palatable flavor combinations of
                        astrophysical neutrinos}",
      journal        = "Phys. Rev. Lett.",
      volume         = "115",
      year           = "2015",
      number         = "16",
      pages          = "161302",
      doi            = "10.1103/PhysRevLett.115.161302",
      eprint         = "1506.02645",
      archivePrefix  = "arXiv",
      primaryClass   = "astro-ph.HE",
      reportNumber   = "DESY-15-099",
      SLACcitation   = "%%CITATION = ARXIV:1506.02645;%%"
}

@article{Aartsen:2015rwa,
      author         = "Aartsen, M. G. and others",
      title          = "{Evidence for Astrophysical Muon Neutrinos from the
                        Northern Sky with IceCube}",
      collaboration  = "IceCube",
      journal        = "Phys. Rev. Lett.",
      volume         = "115",
      year           = "2015",
      number         = "8",
      pages          = "081102",
      doi            = "10.1103/PhysRevLett.115.081102",
      eprint         = "1507.04005",
      archivePrefix  = "arXiv",
      primaryClass   = "astro-ph.HE",
      SLACcitation   = "%%CITATION = ARXIV:1507.04005;%%"
}

@article{Aartsen:2014gkd,
      author         = "Aartsen, M. G. and others",
      title          = "{Observation of High-Energy Astrophysical Neutrinos in
                        Three Years of IceCube Data}",
      collaboration  = "IceCube",
      journal        = "Phys. Rev. Lett.",
      volume         = "113",
      year           = "2014",
      pages          = "101101",
      doi            = "10.1103/PhysRevLett.113.101101",
      eprint         = "1405.5303",
      archivePrefix  = "arXiv",
      primaryClass   = "astro-ph.HE",
      SLACcitation   = "%%CITATION = ARXIV:1405.5303;%%"
}

@article{TheIceCube:2016oqi,
      author         = "Aartsen, M. G. and others",
      title          = "{Searches for Sterile Neutrinos with the IceCube
                        Detector}",
      collaboration  = "IceCube",
      year           = "2016",
      eprint         = "1605.01990",
      archivePrefix  = "arXiv",
      primaryClass   = "hep-ex",
      SLACcitation   = "%%CITATION = ARXIV:1605.01990;%%"
}

@article{Collin:2016rao,
      author         = "Collin, G. H. and Argüelles, C. A. and Conrad, J. M. and
                        Shaevitz, M. H.",
      title          = "{Sterile Neutrino Fits to Short Baseline Data}",
      journal        = "Nucl. Phys.",
      volume         = "B908",
      year           = "2016",
      pages          = "354-365",
      doi            = "10.1016/j.nuclphysb.2016.02.024",
      eprint         = "1602.00671",
      archivePrefix  = "arXiv",
      primaryClass   = "hep-ph",
      SLACcitation   = "%%CITATION = ARXIV:1602.00671;%%"
}

@article{GonzalezGarcia:2011my,
      author         = "Gonzalez-Garcia, M. C. and Maltoni, Michele and Salvado,
                        Jordi",
      title          = "{Testing matter effects in propagation of atmospheric and
                        long-baseline neutrinos}",
      journal        = "JHEP",
      volume         = "05",
      year           = "2011",
      pages          = "075",
      doi            = "10.1007/JHEP05(2011)075",
      eprint         = "1103.4365",
      archivePrefix  = "arXiv",
      primaryClass   = "hep-ph",
      reportNumber   = "YITP-SB-11-07, IFT-UAM-CSIC-11-07",
      SLACcitation   = "%%CITATION = ARXIV:1103.4365;%%"
}

@article{Barger:1991ae,
      author         = "Barger, Vernon D. and Phillips, R. J. N. and Whisnant,
                        K.",
      title          = "{Solar neutrino solutions with matter enhanced flavor
                        changing neutral current scattering}",
      journal        = "Phys. Rev.",
      volume         = "D44",
      year           = "1991",
      pages          = "1629-1643",
      doi            = "10.1103/PhysRevD.44.1629",
      reportNumber   = "MAD-PH-648, IS-J-4272",
      SLACcitation   = "%%CITATION = PHRVA,D44,1629;%%"
}

@article{Roulet:1991sm,
      author         = "Roulet, Esteban",
      title          = "{MSW effect with flavor changing neutrino interactions}",
      journal        = "Phys. Rev.",
      volume         = "D44",
      year           = "1991",
      pages          = "935-938",
      doi            = "10.1103/PhysRevD.44.R935",
      reportNumber   = "FERMILAB-PUB-91-018-A",
      SLACcitation   = "%%CITATION = PHRVA,D44,935;%%"
}

@article{Bergstrom:2014fqa,
      author         = "Bergström, Johannes and Gonzalez-Garcia, M. C. and Niro,
                        V. and Salvado, J.",
      title          = "{Statistical tests of sterile neutrinos using cosmology
                        and short-baseline data}",
      journal        = "JHEP",
      volume         = "10",
      year           = "2014",
      pages          = "104",
      doi            = "10.1007/JHEP10(2014)104",
      eprint         = "1407.3806",
      archivePrefix  = "arXiv",
      primaryClass   = "hep-ph",
      reportNumber   = "YITP-SB-14-21, ICCUB-14-054, UB-ECM-PF-14-80",
      SLACcitation   = "%%CITATION = ARXIV:1407.3806;%%"
}

@article{Giusarma:2016phn,
      author         = "Giusarma, Elena and Gerbino, Martina and Mena, Olga and
                        Vagnozzi, Sunny and Ho, Shirley and Freese, Katherine",
      title          = "{On the improvement of cosmological neutrino mass
                        bounds}",
      year           = "2016",
      eprint         = "1605.04320",
      archivePrefix  = "arXiv",
      primaryClass   = "astro-ph.CO",
      SLACcitation   = "%%CITATION = ARXIV:1605.04320;%%"
}

@article{Hernandez:2016kel,
      author         = "Hernández, P. and Kekic, M. and López-Pavón, J. and
                        Racker, J. and Salvado, J.",
      title          = "{Testable Baryogenesis in Seesaw Models}",
      year           = "2016",
      eprint         = "1606.06719",
      archivePrefix  = "arXiv",
      primaryClass   = "hep-ph",
      SLACcitation   = "%%CITATION = ARXIV:1606.06719;%%"
}

@article{Gonzalez-Garcia:2014bfa,
	Archiveprefix = {arXiv},
	Author = {Gonzalez-Garcia, M.C. and Maltoni, Michele and Schwetz, Thomas},
	Date-Added = {2014-09-29 21:12:32 +0000},
	Date-Modified = {2014-09-29 21:12:32 +0000},
	Eprint = {1409.5439},
	Primaryclass = {hep-ph},
	Reportnumber = {IFT-UAM-CSIC-14-095, YITP-SB-14-31},
	Slaccitation = {%%CITATION = ARXIV:1409.5439;%%},
	Title = {{Updated fit to three neutrino mixing: status of leptonic CP violation}},
	Year = {2014}}

@article{GonzalezGarcia:2007ib,
	Archiveprefix = {arXiv},
	Author = {Gonzalez-Garcia, M.C. and Maltoni, Michele},
	Date-Added = {2014-09-29 21:07:57 +0000},
	Date-Modified = {2014-09-29 21:07:57 +0000},
	Doi = {10.1016/j.physrep.2007.12.004},
	Eprint = {0704.1800},
	Journal = {Phys.Rept.},
	Pages = {1-129},
	Primaryclass = {hep-ph},
	Reportnumber = {YITP-SB-07-14, UB-ECM-PF-07-08},
	Slaccitation = {%%CITATION = ARXIV:0704.1800;%%},
	Title = {{Phenomenology with Massive Neutrinos}},
	Volume = {460},
	Year = {2008},
	Bdsk-Url-1 = {http://dx.doi.org/10.1016/j.physrep.2007.12.004}}

@article{Gribov:1968kq,
	Author = {Gribov, V.N. and Pontecorvo, B.},
	Date-Added = {2014-09-29 21:07:53 +0000},
	Date-Modified = {2014-09-29 21:07:53 +0000},
	Doi = {10.1016/0370-2693(69)90525-5},
	Journal = {Phys.Lett.},
	Pages = {493},
	Slaccitation = {%%CITATION = PHLTA,B28,493;%%},
	Title = {{Neutrino astronomy and lepton charge}},
	Volume = {B28},
	Year = {1969},
	Bdsk-Url-1 = {http://dx.doi.org/10.1016/0370-2693(69)90525-5}}

@article{Pontecorvo:1967fh,
	Author = {Pontecorvo, B.},
	Date-Added = {2014-09-29 21:07:46 +0000},
	Date-Modified = {2014-09-29 21:07:46 +0000},
	Journal = {Sov.Phys.JETP},
	Pages = {984-988},
	Slaccitation = {%%CITATION = SPHJA,26,984;%%},
	Title = {{Neutrino Experiments and the Problem of Conservation of Leptonic Charge}},
	Volume = {26},
	Year = {1968}}

@article{Wallraff:2014vl,
	Abstract = {NuCraft (nucraft.hepforge.org) is an open-source Python project that calculates neutrino oscillation probabilities for neutrinos from cosmic-ray interactions in the atmosphere for their propagation through Earth. The solution is obtained by numerically solving the Schr\"odinger equation. The code supports arbitrary numbers of neutrino flavors including additional sterile neutrinos, CP violation, arbitrary mass hierarchies, matter effects with a configurable Earth model, and takes into account the production height distribution of neutrinos in the Earth's atmosphere.},
	Author = {Marius Wallraff and Christopher Wiebusch},
	Date-Added = {2014-09-14 12:13:07 +0000},
	Date-Modified = {2014-09-14 12:13:07 +0000},
	Eprint = {1409.1387},
	Month = {09},
	Title = {Calculation of oscillation probabilities of atmospheric neutrinos using nuCraft},
	Url = {http://arxiv.org/abs/1409.1387},
	Year = {2014},
	Bdsk-Url-1 = {http://arxiv.org/abs/1409.1387}}

@article{Saviano:2014bs,
	Abstract = {Short-baseline neutrino anomalies suggest the existence of low-mass ( m \sim O(1)~eV) sterile neutrinos \nu_s. These would be efficiently produced in the early universe by oscillations with active neutrino species, leading to a thermal population of the sterile states seemingly incompatible with cosmological observations. In order to relieve this tension it has been recently speculated that new "secret" interactions among sterile neutrinos, mediated by a massive gauge boson X (with M_X << M_W), can inhibit or suppress the sterile neutrino thermalization, due to the production of a large matter potential term. We note however, that they also generate strong collisional terms in the sterile neutrino sector that induce an efficient sterile neutrino production after a resonance in matter is encountered, increasing their contribution to the number of relativistic particle species N_ eff. Moreover, for values of the parameters of the \nu_s-\nu_s interaction for which the resonance takes place at temperature T\lesssim few MeV, significant distortions are produced in the electron (anti)neutrino spectra, altering the abundance of light element in Big Bang Nucleosynthesis (BBN). Using the present determination of $^4$He and deuterium primordial abundances we determine the BBN constraints on the model parameters. We find that $^2$H/H density ratio exclude much of the parameter space if one assume a baryon density at the best fit value of Planck experiment, \Omega_B h^2= 0.02207, while bounds become weaker for a higher \Omega_B h^2=0.02261, the 95 % C.L. upper bound of Planck. Due to the large error on its experimental determination, the helium mass fraction Y_p gives no significant bounds.},
	Author = {Ninetta Saviano and Ofelia Pisanti and Gianpiero Mangano and Alessandro Mirizzi},
	Date-Added = {2014-09-14 12:05:08 +0000},
	Date-Modified = {2014-09-14 12:05:08 +0000},
	Eprint = {1409.1680},
	Month = {09},
	Title = {Unveiling secret interactions among sterile neutrinos with big-bang nucleosynthesis},
	Url = {http://arxiv.org/abs/1409.1680},
	Year = {2014},
	Bdsk-Url-1 = {http://arxiv.org/abs/1409.1680}}

@article{LSND,
	Abstract = {A search for muon anti-neutrino to electron anti-neutrino oscillations was conducted by the Liquid Scintillator Neutrino Detector at the Los Alamos Neutron Science Center using muon anti-neutrinos from positive muon decay at rest. A total excess of 87.9 +/- 22.4 +/- 6.0 events consistent with electron anti-neutrino plus proton scattering to positron plus neutron was observed above the expected background. This excess corresponds to an oscillation probability of (0.264 +/- 0.067 +/- 0.045), which is consistent with an earlier analysis. In conjunction with other known limits on neutrino oscillations, the LSND data suggest that neutrino oscillations occur in the 0.2-10 eV^2/c^4 Delta-m^2 range, indicating a neutrino mass greater than 0.4 eV/c^2.},
	Author = {A. Aguilar and L.B. Auerbach and R.L. Burman and D.O. Caldwell and E.D. Church and A.K. Cochran and J.B. Donahue and A. Fazely and G.T. Garvey and R.M. Gunasingha and R. Imlay and W.C. Louis and R. Majkic and A. Malik and W. Metcalf and G.B. Mills and V. Sandberg and D. Smith and I. Stancu and M. Sung and R. Tayloe and G.J. VanDalen and W. Vernon and N. Wadia and D.H. White and S. Yellin},
	Date-Added = {2014-09-14 12:01:15 +0000},
	Date-Modified = {2014-09-14 12:01:48 +0000},
	Eprint = {hep-ex/0104049},
	Title = {Evidence for Neutrino Oscillations from the Observation of Electron Anti-neutrinos in a Muon Anti-Neutrino Beam},
	Url = {http://arxiv.org/abs/hep-ex/0104049},
	Year = {2001},
	Bdsk-Url-1 = {http://arxiv.org/abs/hep-ex/0104049}}

@article{Pospelov:2011dp,
	Abstract = {New neutrino states \nu_b, sterile under the Standard Model interactions, can be coupled to baryons via the isoscalar vector currents that are much stronger than the Standard Model weak interactions. If some fraction of solar neutrinos oscillate into \nu_b on their way to Earth, the coherently enhanced elastic \nu_b-nucleus scattering can generate a strong signal in the dark matter detectors. For the interaction strength a few hundred times stronger than the weak force, the elastic \nu_b-nucleus scattering via new baryonic currents may account for the existing anomalies in the direct detection dark matter experiments at low recoil. We point out that for solar neutrino energies the baryon-current-induced inelastic scattering is suppressed, so that the possible enhancement of new force is not in conflict with signals at dedicated neutrino detectors. We check this explicitly by calculating the \nu_b-induced deuteron breakup, and the excitation of 4.4 MeV \gamma-line in ^{12}C. Stronger-than-weak force coupled to baryonic current implies the existence of new abelian gauge group U(1)_B with a relatively light gauge boson.},
	Author = {Maxim Pospelov},
	Date-Added = {2014-09-14 11:56:42 +0000},
	Date-Modified = {2014-09-14 11:56:42 +0000},
	Eprint = {1103.3261},
	Month = {03},
	Title = {Neutrino Physics with Dark Matter Experiments and the Signature of New Baryonic Neutral Currents},
	Url = {http://arxiv.org/abs/1103.3261},
	Year = {2011},
	Bdsk-Url-1 = {http://arxiv.org/abs/1103.3261}}

@article{Dasgupta:2013la,
	Abstract = {We show that sterile neutrinos with masses ~1 eV or larger, as motivated by several short-baseline oscillation anomalies, can be consistent with cosmological constraints if they are charged under a hidden sector force mediated by a light boson. In this case, sterile neutrinos experience a large thermal potential that suppresses mixing between active and sterile neutrinos in the early Universe, even if vacuum mixing angles are large. Thus, the abundance of sterile neutrinos in the Universe remains very small, and their impact on Big Bang Nucleosynthesis, Cosmic Microwave Background, and large-scale structure formation is negligible. It is conceivable that the new gauge force also couples to dark matter, possibly ameliorating some of the small-scale structure problems associated with cold dark matter.},
	Author = {Basudeb Dasgupta and Joachim Kopp},
	Date-Added = {2014-09-14 11:56:02 +0000},
	Date-Modified = {2014-09-14 11:56:02 +0000},
	Eprint = {1310.6337},
	Month = {10},
	Title = {A m{\'e}nage {\`a} trois of eV-scale sterile neutrinos, cosmology, and structure formation},
	Url = {http://arxiv.org/abs/1310.6337},
	Year = {2013},
	Bdsk-Url-1 = {http://arxiv.org/abs/1310.6337}}

@article{Baerwald:2012kc,
      author         = "Baerwald, Philipp and Bustamante, Mauricio and Winter,
                        Walter",
      title          = "{Neutrino Decays over Cosmological Distances and the
                        Implications for Neutrino Telescopes}",
      journal        = "JCAP",
      volume         = "1210",
      year           = "2012",
      pages          = "020",
      doi            = "10.1088/1475-7516/2012/10/020",
      eprint         = "1208.4600",
      archivePrefix  = "arXiv",
      primaryClass   = "astro-ph.CO",
      SLACcitation   = "%%CITATION = ARXIV:1208.4600;%%"
}

@article{Arguelles:2016uwb,
      author         = "Argüelles, Carlos A. and Brdar, Vedran and Kopp,
                        Joachim",
      title          = "{Production of keV Sterile Neutrinos in Supernovae: New
                        Constraints and Gamma Ray Observables}",
      year           = "2016",
      eprint         = "1605.00654",
      archivePrefix  = "arXiv",
      primaryClass   = "hep-ph",
      reportNumber   = "MITP-16-034",
      SLACcitation   = "%%CITATION = ARXIV:1605.00654;%%"
}

@article{Bai:2015ztj,
      author         = "Bai, Yang and Lu, Ran and Lu, Sida and Salvado, Jordi and
                        Stefanek, Ben A.",
      title          = "{Three Twin Neutrinos: Evidence from LSND and MiniBooNE}",
      journal        = "Phys. Rev.",
      volume         = "D93",
      year           = "2016",
      number         = "7",
      pages          = "073004",
      doi            = "10.1103/PhysRevD.93.073004",
      eprint         = "1512.05357",
      archivePrefix  = "arXiv",
      primaryClass   = "hep-ph",
      SLACcitation   = "%%CITATION = ARXIV:1512.05357;%%"
}

@article{Archidiacono:2014oq,
	Abstract = {The recent discovery of B-modes in the polarization pattern of the Cosmic Microwave Background by the BICEP2 experiment has important implications for neutrino physics. We revisit cosmological bounds on light sterile neutrinos and show that they are compatible with all current cosmological data provided that the mass is relatively low. Using CMB data, including BICEP-2, we find an upper bound of $m_s < 0.85$ eV ($2\sigma$ Confidence Level). This bound is strengthened to 0.48 eV when HST measurements of $H_0$ are included. However, the inclusion of SZ cluster data from the Planck mission and weak gravitational measurements from the CFHTLenS project favours a non-zero sterile neutrino mass of $0.44^{+0.11}_{-0.16}$ eV. Short baseline neutrino oscillations, on the other hand, indicate a new mass state around 1.2 eV. This mass is highly incompatible with cosmological data if the sterile neutrino is fully thermalised ($\Delta \chi^2>10$). However, if the sterile neutrino only partly thermalises it can be compatible with all current data, both cosmological and terrestrial.},
	Author = {Maria Archidiacono and Nicolao Fornengo and Stefano Gariazzo and Carlo Giunti and Steen Hannestad and Marco Laveder},
	Date-Added = {2014-09-14 11:54:56 +0000},
	Date-Modified = {2014-09-14 11:54:56 +0000},
	Eprint = {1404.1794},
	Month = {04},
	Title = {Light sterile neutrinos after BICEP-2},
	Url = {http://arxiv.org/abs/1404.1794},
	Year = {2014},
	Bdsk-Url-1 = {http://arxiv.org/abs/1404.1794}}

@article{MiniBoone:2012dn,
	Abstract = {The MiniBooNE experiment at Fermilab reports results from an analysis of the combined $\nu_e$ and $\bar \nu_e$ appearance data from $6.46 \times 10^{20}$ protons on target in neutrino mode and $11.27 \times 10^{20}$ protons on target in antineutrino mode. A total excess of $240.3 \pm 34.5 \pm 52.6$ events ($3.8 \sigma$) is observed from combining the two data sets in the energy range $200<E_\nu^{QE}<1250$ MeV. In a combined fit for CP-conserving $\nu_\mu \rightarrow \nu_e$ and $\bar{\nu}_{\mu}\rightarrow\bar{\nu}_e$ oscillations via a two-neutrino model, the background-only fit has a $\chi^2$-probability of 0.03% relative to the best oscillation fit. The data are consistent with neutrino oscillations in the $0.01 < \Delta m^2 < 1.0$ eV$^2$ range and with the evidence for antineutrino oscillations from the Liquid Scintillator Neutrino Detector (LSND).},
	Author = {MiniBooNE-Collaboration and A. A. Aguilar-Arevalo and B. C. Brown and L. Bugel and G. Cheng and E. D. Church and J. M. Conrad and R. Dharmapalan and Z. Djurcic and D. A. Finley and R. Ford and F. G. Garcia and G. T. Garvey and J. Grange and W. Huelsnitz and C. Ignarra and R. Imlay and R. A. Johnson and G. Karagiorgi and T. Katori and T. Kobilarcik and W. C. Louis and C. Mariani and W. Marsh and G. B. Mills and J. Mirabal and C. D. Moore and J. Mousseau and P. Nienaber and B. Osmanov and Z. Pavlovic and D. Perevalov and C. C. Polly and H. Ray and B. P. Roe and A. D. Russell and M. H. Shaevitz and J. Spitz and I. Stancu and R. Tayloe and R. G. Van de Water and D. H. White and D. A. Wickremasinghe and G. P. Zeller and E. D. Zimmerman},
	Date-Added = {2014-09-14 11:54:01 +0000},
	Date-Modified = {2014-09-29 21:18:11 +0000},
	Eprint = {1207.4809},
	Month = {07},
	Title = {A Combined $\nu_\mu \to \nu_e$ and $\bar\nu_\mu\to \bar\nu_e$ Oscillation Analysis of the MiniBooNE Excesses},
	Url = {http://arxiv.org/abs/1207.4809},
	Year = {2012},
	Bdsk-Url-1 = {http://arxiv.org/abs/1207.4809}}

@article{Mention:2011rr,
	Abstract = {Recently new reactor antineutrino spectra have been provided for 235U, 239Pu, 241Pu and 238U, increasing the mean flux by about 3 percent. To good approximation, this reevaluation applies to all reactor neutrino experiments. The synthesis of published experiments at reactor-detector distances <100 m leads to a ratio of observed event rate to predicted rate of 0.976(0.024). With our new flux evaluation, this ratio shifts to 0.943(0.023), leading to a deviation from unity at 98.6% C.L. which we call the reactor antineutrino anomaly. The compatibility of our results with the existence of a fourth non-standard neutrino state driving neutrino oscillations at short distances is discussed. The combined analysis of reactor data, gallium solar neutrino calibration experiments, and MiniBooNE-neutrino data disfavors the no-oscillation hypothesis at 99.8% C.L. The oscillation parameters are such that |Delta m_{new}^2|>1.5 eV^2 (95%) and sin^2(2\theta_{new})=0.14(0.08) (95%). Constraints on the theta13 neutrino mixing angle are revised.},
	Author = {G. Mention and M. Fechner and Th. Lasserre and Th. A. Mueller and D. Lhuillier and M. Cribier and A. Letourneau},
	Date-Added = {2014-09-14 11:53:08 +0000},
	Date-Modified = {2014-09-14 11:53:08 +0000},
	Eprint = {1101.2755},
	Month = {01},
	Title = {The Reactor Antineutrino Anomaly},
	Url = {http://arxiv.org/abs/1101.2755},
	Year = {2011},
	Bdsk-Url-1 = {http://arxiv.org/abs/1101.2755}}

@article{Kopp:2014nosterile,
	Abstract = {Sterile neutrino models with new gauge interactions in the sterile sector are phenomenologically interesting since they can lead to novel effects in neutrino oscillation experiments, in cosmology and in dark matter detectors, possibly even explaining some of the observed anomalies in these experiments. Here, we use data from neutrino oscillation experiments, in particular from MiniBooNE, MINOS and solar neutrino experiments, to constrain such models. We focus in particular on the case where the sterile sector gauge boson $A'$ couples also to Standard Model particles (for instance to the baryon number current) and thus induces a large Mikheyev-Smirnov-Wolfenstein potential. For eV-scale sterile neutrinos, we obtain strong constraints especially from MINOS, which restricts the strength of the new interaction to be less than $\sim 10$ times that of the Standard Model weak interaction unless active-sterile neutrino mixing is very small ($\sin^2 \theta_{24} \lesssim 10^{-3}$). This rules out gauge forces large enough to affect short baseline experiments like MiniBooNE and it imposes nontrivial constraints on signals from sterile neutrino scattering in dark matter experiments.},
	Author = {Joachim Kopp and Johannes Welter},
	Date-Added = {2014-09-14 11:52:29 +0000},
	Date-Modified = {2014-09-14 11:52:45 +0000},
	Eprint = {1408.0289},
	Month = {08},
	Title = {The Not-So-Sterile 4th Neutrino: Constraints on New Gauge Interactions from Neutrino Oscillation Experiments},
	Url = {http://arxiv.org/abs/1408.0289},
	Year = {2014},
	Bdsk-Url-1 = {http://arxiv.org/abs/1408.0289}}

@book{fukugita2003physics,
	Author = {Fukugita, M. and Yanagida, T.},
	Date-Added = {2014-09-14 11:37:50 +0000},
	Date-Modified = {2014-09-14 11:37:50 +0000},
	Isbn = {9783540438007},
	Lccn = {2002075782},
	Publisher = {Springer},
	Series = {Physics and astronomy online library},
	Title = {Physics of Neutrinos: And Applications to Astrophysics},
	Url = {http://books.google.fr/books?id=El8R8nC5QegC},
	Year = {2003},
	Bdsk-Url-1 = {http://books.google.fr/books?id=El8R8nC5QegC}}

@article{Huber:2007ji,
	Archiveprefix = {arXiv},
	Author = {Huber, Patrick and Kopp, Joachim and Lindner, Manfred and Rolinec, Mark and Winter, Walter},
	Date-Added = {2014-09-12 06:23:08 +0000},
	Date-Modified = {2014-09-12 06:23:08 +0000},
	Doi = {10.1016/j.cpc.2007.05.004},
	Eprint = {hep-ph/0701187},
	Journal = {Comput.Phys.Commun.},
	Pages = {432-438},
	Primaryclass = {hep-ph},
	Reportnumber = {TUM-HEP-656-07},
	Slaccitation = {%%CITATION = HEP-PH/0701187;%%},
	Title = {{New features in the simulation of neutrino oscillation experiments with GLoBES 3.0: General Long Baseline Experiment Simulator}},
	Volume = {177},
	Year = {2007},
	Bdsk-Url-1 = {http://dx.doi.org/10.1016/j.cpc.2007.05.004}}

@article{Mohapatra:qv,
	Abstract = {During 2004, four divisions of the American Physical Society commissioned a study of neutrino physics to take stock of where the field is at the moment and where it is going in the near and far future. Several working groups looked at various aspects of this vast field. The summary was published as a main report entitled ``The Neutrino Matrix'' accompanied by short 50 page versions of the report of each working group. Theoretical research in this field has been quite extensive and touches many areas and the short 50 page report provided only a brief summary and overview of few of the important points. The theory discussion group felt that it may be of value to the community to publish the entire study as a white paper and the result is the current article. After a brief overview of the present knowledge of neutrino masses and mixing and some popular ways to probe the new physics implied by recent data, the white paper summarizes what can be learned about physics beyond the Standard Model from the various proposed neutrino experiments. It also comments on the impact of the experiments on our understanding of the origin of the matter-antimatter asymmetry of the Universe and the basic nature of neutrino interactions as well as the existence of possible additional neutrinos. Extensive references to original literature are provided.},
	Author = {R.N. Mohapatra and S. Antusch and K.S. Babu and G. Barenboim and M.-C. Chen and S. Davidson and A. de Gouvea and P. de Holanda and B. Dutta and Y. Grossman and A. Joshipura and B. Kayser and J. Kersten and Y.Y. Keum and S.F. King and P. Langacker and M. Lindner and W. Loinaz and I. Masina and I. Mocioiu and S. Mohanty and H. Murayama and S. Pascoli and S.T. Petcov and A. Pilaftsis and P. Ramond and M. Ratz and W. Rodejohann and R. Shrock and T. Takeuchi and T. Underwood and L. Wolfenstein},
	Date-Added = {2014-09-12 05:56:18 +0000},
	Date-Modified = {2014-09-12 05:57:11 +0000},
	Eprint = {hep-ph/0510213},
	Title = {Theory of Neutrinos: A White Paper},
	Url = {http://arxiv.org/abs/hep-ph/0510213},
	Year = {2005},
	Bdsk-Url-1 = {http://arxiv.org/abs/hep-ph/0510213}}

@article{Gouvea:2013fj,
	Abstract = {This document represents the response of the Intensity Frontier Neutrino Working Group to the Snowmass charge. We summarize the current status of neutrino physics and identify many exciting future opportunities for studying the properties of neutrinos and for addressing important physics and astrophysics questions with neutrinos.},
	Author = {A. de Gouvea and K. Pitts and K. Scholberg and G.P. Zeller and J. Alonso and A. Bernstein and M. Bishai and S. Elliott and K. Heeger and K. Hoffman and P. Huber and L.J. Kaufman and B. Kayser and J. Link and C. Lunardini and B. Monreal and J.G. Morfin and H. Robertson and R. Tayloe and N. Tolich and K. Abazajian and T. Akiri and C. Albright and J. Asaadi and K.S Babu and A.B. Balantekin and P. Barbeau and M. Bass and A. Blake and A. Blondel and E. Blucher and N. Bowden and S.J. Brice and A. Bross and B. Carls and F. Cavanna and B. Choudhary and P. Coloma and A. Connolly and J. Conrad and M. Convery and R.L. Cooper and D. Cowen and H. da Motta and T. de Young and F. Di Lodovico and M. Diwan and Z. Djurcic and M. Dracos and S. Dodelson and Y. Efremenko and T. Ekelof and J.L. Feng and B. Fleming and J. Formaggio and A. Friedland and G. Fuller and H. Gallagher and S. Geer and M. Gilchriese and M. Goodman and D. Grant and G. Gratta and C. Hall and F. Halzen and D. Harris and M. Heffner and et al. (100 additional authors not shown)},
	Date-Added = {2014-09-12 05:55:43 +0000},
	Date-Modified = {2014-09-12 05:55:43 +0000},
	Eprint = {1310.4340},
	Month = {10},
	Title = {Neutrinos},
	Url = {http://arxiv.org/abs/1310.4340},
	Year = {2013},
	Bdsk-Url-1 = {http://arxiv.org/abs/1310.4340}}

@article{Halzen:kq,
	Abstract = {A high-energy neutrino telescope, such as the operating AMANDA detector, may detect neutrinos produced in sources, possibly active galactic nuclei or gamma-ray bursts, distant by a thousand megaparsecs. These sources produce mostly nu_e or nu_mu neutrinos. Above 1 PeV, nu_e and nu_mu are absorbed by charged-current interactions in the Earth before reaching the opposite surface. However, the Earth never becomes opaque to nu_tau since the tau^- produced in a charged-current nu_tau interaction decays back into nu_tau before losing significant energy. This preferential penetration of tau neutrinos through the Earth above 10^14 eV provides an experimental signature for neutrino oscillations. The appearance of a nu_tau component would be evident as a flat zenith angle dependence of a source intensity at the highest neutrino energies. Such an angular dependence would indicate nu_tau mixing with a sensitivity to delta-m^2 as low as 10^-17 eV^2, for the farthest sources. In addition, the presence of tau neutrino mixing would provide the opportunity for neutrino astronomy well beyond the PeV cutoff, possibly out to the energies matching those of the highest energy protons observed above 10^20 eV.},
	Author = {Francis Halzen and David Saltzberg},
	Date-Added = {2014-09-10 02:24:08 +0000},
	Date-Modified = {2014-09-10 02:24:25 +0000},
	Eprint = {hep-ph/9804354},
	Title = {Tau Neutrino Appearance with a 1000 Megaparsec Baseline},
	Url = {http://arxiv.org/abs/hep-ph/9804354},
	Year = {1998},
	Bdsk-Url-1 = {http://arxiv.org/abs/hep-ph/9804354}}

@article{Abazajian:2012rf,
	Abstract = {This white paper addresses the hypothesis of light sterile neutrinos based on recent anomalies observed in neutrino experiments and the latest astrophysical data.},
	Author = {K. N. Abazajian and M. A. Acero and S. K. Agarwalla and A. A. Aguilar-Arevalo and C. H. Albright and S. Antusch and C. A. Arg\"uelles and A. B. Balantekin and G. Barenboim and V. Barger and P. Bernardini and F. Bezrukov and O. E. Bjaelde and S. A. Bogacz and N. S. Bowden and A. Boyarsky and A. Bravar and D. Bravo Berguno and S. J. Brice and A. D. Bross and B. Caccianiga and F. Cavanna and E. J. Chun and B. T. Cleveland and A. P. Collin and P. Coloma and J. M. Conrad and M. Cribier and A. S. Cucoanes and J. C. D'Olivo and S. Das and A. de Gouvea and A. V. Derbin and R. Dharmapalan and J. S. Diaz and X. J. Ding and Z. Djurcic and A. Donini and D. Duchesneau and H. Ejiri and S. R. Elliott and D. J. Ernst and A. Esmaili and J. J. Evans and E. Fernandez-Martinez and E. Figueroa-Feliciano and B. T. Fleming and J. A. Formaggio and D. Franco and J. Gaffiot and R. Gandhi and Y. Gao and G. T. Garvey and V. N. Gavrin and P. Ghoshal and D. Gibin and C. Giunti and S. N. Gninenko and et al. (129 additional authors not shown)},
	Date-Added = {2014-09-09 15:56:12 +0000},
	Date-Modified = {2014-09-09 16:00:56 +0000},
	Eprint = {1204.5379},
	Month = {04},
	Title = {Light Sterile Neutrinos: A White Paper},
	Url = {http://arxiv.org/abs/1204.5379},
	Year = {2012},
	Bdsk-Url-1 = {http://arxiv.org/abs/1204.5379}}

@article{Hewett:2012et,
	Abstract = {The Proceedings of the 2011 workshop on Fundamental Physics at the Intensity Frontier. Science opportunities at the intensity frontier are identified and described in the areas of heavy quarks, charged leptons, neutrinos, proton decay, new light weakly-coupled particles, and nucleons, nuclei, and atoms.},
	Author = {J.L. Hewett and H. Weerts and R. Brock and J.N. Butler and B.C.K. Casey and J. Collar and A. de Gouvea and R. Essig and Y. Grossman and W. Haxton and J.A. Jaros and C.K. Jung and Z.T. Lu and K. Pitts and Z. Ligeti and J.R. Patterson and M. Ramsey-Musolf and J.L. Ritchie and A. Roodman and K. Scholberg and C.E.M. Wagner and G.P. Zeller and S. Aefsky and A. Afanasev and K. Agashe and C. Albright and J. Alonso and C. Ankenbrandt and M. Aoki and C.A. Arguelles and N. Arkani-Hamed and J.R. Armendariz and C. Armendariz-Picon and E. Arrieta Diaz and J. Asaadi and D.M. Asner and K.S. Babu and K. Bailey and O. Baker and B. Balantekin and B. Baller and M. Bass and B. Batell and J. Beacham and J. Behr and N. Berger and M. Bergevin and E. Berman and R. Bernstein and A.J. Bevan and M. Bishai and M. Blanke and S. Blessing and A. Blondel and T. Blum and G. Bock and A. Bodek and G. Bonvicini and F. Bossi and J. Boyce and R. Breedon and M. Breidenbach and S.J. Brice and R.A. Briere and S. Brodsky and et al. (403 additional authors not shown)},
	Date-Added = {2014-09-09 15:54:46 +0000},
	Date-Modified = {2014-09-09 15:54:46 +0000},
	Eprint = {1205.2671},
	Month = {05},
	Title = {Fundamental Physics at the Intensity Frontier},
	Url = {http://arxiv.org/abs/1205.2671},
	Year = {2012},
	Bdsk-Url-1 = {http://arxiv.org/abs/1205.2671}}

@article{PalomaresRuiz:2005vf,
      author         = "Palomares-Ruiz, Sergio and Pascoli, Silvia and Schwetz,
                        Thomas",
      title          = "{Explaining LSND by a decaying sterile neutrino}",
      journal        = "JHEP",
      volume         = "09",
      year           = "2005",
      pages          = "048",
      doi            = "10.1088/1126-6708/2005/09/048",
      eprint         = "hep-ph/0505216",
      archivePrefix  = "arXiv",
      primaryClass   = "hep-ph",
      reportNumber   = "CERN-PH-TH-2005-083, SISSA-34-2005-EP",
      SLACcitation   = "%%CITATION = HEP-PH/0505216;%%"
}

@article{Maltoni:2015kca,
      author         = "Maltoni, Michele and Smirnov, Alexei {\relax Yu}.",
      title          = "{Solar neutrinos and neutrino physics}",
      journal        = "Eur. Phys. J.",
      volume         = "A52",
      year           = "2016",
      number         = "4",
      pages          = "87",
      doi            = "10.1140/epja/i2016-16087-0",
      eprint         = "1507.05287",
      archivePrefix  = "arXiv",
      primaryClass   = "hep-ph",
      reportNumber   = "IFT-UAM-CSIC-15-069",
      SLACcitation   = "%%CITATION = ARXIV:1507.05287;%%"
}

@article{Bethe:1986ej,
      author         = "Bethe, H. A.",
      title          = "{A Possible Explanation of the Solar Neutrino Puzzle}",
      journal        = "Phys. Rev. Lett.",
      volume         = "56",
      year           = "1986",
      pages          = "1305",
      doi            = "10.1103/PhysRevLett.56.1305",
      reportNumber   = "NSF-ITP-86-10",
      SLACcitation   = "%%CITATION = PRLTA,56,1305;%%"
}

@article{Acciarri:2016crz,
      author         = "Acciarri, R. and others",
      title          = "{Long-Baseline Neutrino Facility (LBNF) and Deep
                        Underground Neutrino Experiment (DUNE)}",
      collaboration  = "DUNE",
      year           = "2016",
      eprint         = "1601.05471",
      archivePrefix  = "arXiv",
      primaryClass   = "physics.ins-det",
      reportNumber   = "FERMILAB-DESIGN-2016-01",
      SLACcitation   = "%%CITATION = ARXIV:1601.05471;%%"
}

@article{Aartsen:2014oha,
      author         = "Aartsen, M. G. and others",
      title          = "{Letter of Intent: The Precision IceCube Next Generation
                        Upgrade (PINGU)}",
      collaboration  = "IceCube PINGU",
      year           = "2014",
      eprint         = "1401.2046",
      archivePrefix  = "arXiv",
      primaryClass   = "physics.ins-det",
      SLACcitation   = "%%CITATION = ARXIV:1401.2046;%%"
}

@article{Abe:2010hy,
      author         = "Abe, K. and others",
      title          = "{Solar neutrino results in Super-Kamiokande-III}",
      collaboration  = "Super-Kamiokande",
      journal        = "Phys. Rev.",
      volume         = "D83",
      year           = "2011",
      pages          = "052010",
      doi            = "10.1103/PhysRevD.83.052010",
      eprint         = "1010.0118",
      archivePrefix  = "arXiv",
      primaryClass   = "hep-ex",
      SLACcitation   = "%%CITATION = ARXIV:1010.0118;%%"
}

@article{PhysRevLett.112.181801,
  title = {Precise Measurement of the Neutrino Mixing Parameter ${\ensuremath{\theta}}_{23}$ from Muon Neutrino Disappearance in an Off-Axis Beam},
  author = {Abe, K. and Adam, J. and Aihara, H. and Akiri, T. and Andreopoulos, C. and Aoki, S. and Ariga, A. and Ariga, T. and Assylbekov, S. and Autiero, D. and Barbi, M. and Barker, G. J. and Barr, G. and Bass, M. and Batkiewicz, M. and Bay, F. and Bentham, S. W. and Berardi, V. and Berger, B. E. and Berkman, S. and Bertram, I. and Bhadra, S. and Blaszczyk, F. d. M. and Blondel, A. and Bojechko, C. and Bordoni, S. and Boyd, S. B. and Brailsford, D. and Bravar, A. and Bronner, C. and Buchanan, N. and Calland, R. G. and Caravaca Rodr\'{\i}guez, J. and Cartwright, S. L. and Castillo, R. and Catanesi, M. G. and Cervera, A. and Cherdack, D. and Christodoulou, G. and Clifton, A. and Coleman, J. and Coleman, S. J. and Collazuol, G. and Connolly, K. and Cremonesi, L. and Dabrowska, A. and Danko, I. and Das, R. and Davis, S. and de Perio, P. and De Rosa, G. and Dealtry, T. and Dennis, S. R. and Densham, C. and Di Lodovico, F. and Di Luise, S. and Drapier, O. and Duboyski, T. and Duffy, K. and Dufour, F. and Dumarchez, J. and Dytman, S. and Dziewiecki, M. and Emery, S. and Ereditato, A. and Escudero, L. and Finch, A. J. and Floetotto, L. and Friend, M. and Fujii, Y. and Fukuda, Y. and Furmanski, A. P. and Galymov, V. and Giffin, S. and Giganti, C. and Gilje, K. and Goeldi, D. and Golan, T. and Gonin, M. and Grant, N. and Gudin, D. and Hadley, D. R. and Haesler, A. and Haigh, M. D. and Hamilton, P. and Hansen, D. and Hara, T. and Hartz, M. and Hasegawa, T. and Hastings, N. C. and Hayato, Y. and Hearty, C. and Helmer, R. L. and Hierholzer, M. and Hignight, J. and Hillairet, A. and Himmel, A. and Hiraki, T. and Hirota, S. and Holeczek, J. and Horikawa, S. and Huang, K. and Ichikawa, A. K. and Ieki, K. and Ieva, M. and Ikeda, M. and Imber, J. and Insler, J. and Irvine, T. J. and Ishida, T. and Ishii, T. and Ives, S. J. and Iwai, E. and Iyogi, K. and Izmaylov, A. and Jacob, A. and Jamieson, B. and Johnson, R. A. and Jo, J. H. and Jonsson, P. and Jung, C. K. and Kabirnezhad, M. and Kaboth, A. C. and Kajita, T. and Kakuno, H. and Kameda, J. and Kanazawa, Y. and Karlen, D. and Karpikov, I. and Kearns, E. and Khabibullin, M. and Khotjantsev, A. and Kielczewska, D. and Kikawa, T. and Kilinski, A. and Kim, J. and Kisiel, J. and Kitching, P. and Kobayashi, T. and Koch, L. and Kolaceke, A. and Konaka, A. and Kormos, L. L. and Korzenev, A. and Koseki, K. and Koshio, Y. and Kreslo, I. and Kropp, W. and Kubo, H. and Kudenko, Y. and Kumaratunga, S. and Kurjata, R. and Kutter, T. and Lagoda, J. and Laihem, K. and Lamont, I. and Laveder, M. and Lawe, M. and Lazos, M. and Lee, K. P. and Lindner, T. and Lister, C. and Litchfield, R. P. and Longhin, A. and Ludovici, L. and Macaire, M. and Magaletti, L. and Mahn, K. and Malek, M. and Manly, S. and Marino, A. D. and Marteau, J. and Martin, J. F. and Maruyama, T. and Marzec, J. and Mathie, E. L. and Matveev, V. and Mavrokoridis, K. and Mazzucato, E. and McCarthy, M. and McCauley, N. and McFarland, K. S. and McGrew, C. and Metelko, C. and Mezzetto, M. and Mijakowski, P. and Miller, C. A. and Minamino, A. and Mineev, O. and Mine, S. and Missert, A. and Miura, M. and Monfregola, L. and Moriyama, S. and Mueller, Th. A. and Murakami, A. and Murdoch, M. and Murphy, S. and Myslik, J. and Nagasaki, T. and Nakadaira, T. and Nakahata, M. and Nakai, T. and Nakamura, K. and Nakayama, S. and Nakaya, T. and Nakayoshi, K. and Naples, D. and Nielsen, C. and Nirkko, M. and Nishikawa, K. and Nishimura, Y. and O'Keeffe, H. M. and Ohta, R. and Okumura, K. and Okusawa, T. and Oryszczak, W. and Oser, S. M. and Owen, R. A. and Oyama, Y. and Palladino, V. and Palomino, J. and Paolone, V. and Payne, D. and Perevozchikov, O. and Perkin, J. D. and Petrov, Y. and Pickard, L. and Pinzon Guerra, E. S. and Pistillo, C. and Plonski, P. and Poplawska, E. and Popov, B. and Posiadala, M. and Poutissou, J.-M. and Poutissou, R. and Przewlocki, P. and Quilain, B. and Radicioni, E. and Ratoff, P. N. and Ravonel, M. and Rayner, M. A. M. and Redij, A. and Reeves, M. and Reinherz-Aronis, E. and Retiere, F. and Robert, A. and Rodrigues, P. A. and Rojas, P. and Rondio, E. and Roth, S. and Rubbia, A. and Ruterbories, D. and Sacco, R. and Sakashita, K. and S\'anchez, F. and Sato, F. and Scantamburlo, E. and Scholberg, K. and Schoppmann, S. and Schwehr, J. and Scott, M. and Seiya, Y. and Sekiguchi, T. and Sekiya, H. and Sgalaberna, D. and Shiozawa, M. and Short, S. and Shustrov, Y. and Sinclair, P. and Smith, B. and Smith, R. J. and Smy, M. and Sobczyk, J. T. and Sobel, H. and Sorel, M. and Southwell, L. and Stamoulis, P. and Steinmann, J. and Still, B. and Suda, Y. and Suzuki, A. and Suzuki, K. and Suzuki, S. Y. and Suzuki, Y. and Szeglowski, T. and Tacik, R. and Tada, M. and Takahashi, S. and Takeda, A. and Takeuchi, Y. and Tanaka, H. K. and Tanaka, H. A. and Tanaka, M. M. and Terhorst, D. and Terri, R. and Thompson, L. F. and Thorley, A. and Tobayama, S. and Toki, W. and Tomura, T. and Totsuka, Y. and Touramanis, C. and Tsukamoto, T. and Tzanov, M. and Uchida, Y. and Ueno, K. and Vacheret, A. and Vagins, M. and Vasseur, G. and Wachala, T. and Waldron, A. V. and Walter, C. W. and Wark, D. and Wascko, M. O. and Weber, A. and Wendell, R. and Wilkes, R. J. and Wilking, M. J. and Wilkinson, C. and Williamson, Z. and Wilson, J. R. and Wilson, R. J. and Wongjirad, T. and Yamada, Y. and Yamamoto, K. and Yanagisawa, C. and Yen, S. and Yershov, N. and Yokoyama, M. and Yuan, T. and Yu, M. and Zalewska, A. and Zalipska, J. and Zambelli, L. and Zaremba, K. and Ziembicki, M. and Zimmerman, E. D. and Zito, M. and \ifmmode \dot{Z}\else \.{Z}\fi{}muda, J.},
  collaboration = {T2K Collaboration},
  journal = {Phys. Rev. Lett.},
  volume = {112},
  issue = {18},
  pages = {181801},
  numpages = {8},
  year = {2014},
  month = {May},
  publisher = {American Physical Society},
  doi = {10.1103/PhysRevLett.112.181801},
  url = {http://link.aps.org/doi/10.1103/PhysRevLett.112.181801}
}

@article{PhysRevLett.116.151806,
  title = {First Measurement of Electron Neutrino Appearance in NOvA},
  author = {Adamson, P. and Ader, C. and Andrews, M. and Anfimov, N. and Anghel, I. and Arms, K. and Arrieta-Diaz, E. and Aurisano, A. and Ayres, D. S. and Backhouse, C. and Baird, M. and Bambah, B. A. and Bays, K. and Bernstein, R. and Betancourt, M. and Bhatnagar, V. and Bhuyan, B. and Bian, J. and Biery, K. and Blackburn, T. and Bocean, V. and Bogert, D. and Bolshakova, A. and Bowden, M. and Bower, C. and Broemmelsiek, D. and Bromberg, C. and Brunetti, G. and Bu, X. and Butkevich, A. and Capista, D. and Catano-Mur, E. and Chase, T. R. and Childress, S. and Choudhary, B. C. and Chowdhury, B. and Coan, T. E. and Coelho, J. A. B. and Colo, M. and Cooper, J. and Corwin, L. and Cronin-Hennessy, D. and Cunningham, A. and Davies, G. S. and Davies, J. P. and Del Tutto, M. and Derwent, P. F. and Deepthi, K. N. and Demuth, D. and Desai, S. and Deuerling, G. and Devan, A. and Dey, J. and Dharmapalan, R. and Ding, P. and Dixon, S. and Djurcic, Z. and Dukes, E. C. and Duyang, H. and Ehrlich, R. and Feldman, G. J. and Felt, N. and Fenyves, E. J. and Flumerfelt, E. and Foulkes, S. and Frank, M. J. and Freeman, W. and Gabrielyan, M. and Gallagher, H. R. and Gebhard, M. and Ghosh, T. and Gilbert, W. and Giri, A. and Goadhouse, S. and Gomes, R. A. and Goodenough, L. and Goodman, M. C. and Grichine, V. and Grossman, N. and Group, R. and Grudzinski, J. and Guarino, V. and Guo, B. and Habig, A. and Handler, T. and Hartnell, J. and Hatcher, R. and Hatzikoutelis, A. and Heller, K. and Howcroft, C. and Huang, J. and Huang, X. and Hylen, J. and Ishitsuka, M. and Jediny, F. and Jensen, C. and Jensen, D. and Johnson, C. and Jostlein, H. and Kafka, G. K. and Kamyshkov, Y. and Kasahara, S. M. S. and Kasetti, S. and Kephart, K. and Koizumi, G. and Kotelnikov, S. and Kourbanis, I. and Krahn, Z. and Kravtsov, V. and Kreymer, A. and Kulenberg, Ch. and Kumar, A. and Kutnink, T. and Kwarciancy, R. and Kwong, J. and Lang, K. and Lee, A. and Lee, W. M. and Lee, K. and Lein, S. and Liu, J. and Lokajicek, M. and Lozier, J. and Lu, Q. and Lucas, P. and Luchuk, S. and Lukens, P. and Lukhanin, G. and Magill, S. and Maan, K. and Mann, W. A. and Marshak, M. L. and Martens, M. and Martincik, J. and Mason, P. and Matera, K. and Mathis, M. and Matveev, V. and Mayer, N. and McCluskey, E. and Mehdiyev, R. and Merritt, H. and Messier, M. D. and Meyer, H. and Miao, T. and Michael, D. and Mikheyev, S. P. and Miller, W. H. and Mishra, S. R. and Mohanta, R. and Moren, A. and Mualem, L. and Muether, M. and Mufson, S. and Musser, J. and Newman, H. B. and Nelson, J. K. and Niner, E. and Norman, A. and Nowak, J. and Oksuzian, Y. and Olshevskiy, A. and Oliver, J. and Olson, T. and Paley, J. and Pandey, P. and Para, A. and Patterson, R. B. and Pawloski, G. and Pearson, N. and Perevalov, D. and Pershey, D. and Peterson, E. and Petti, R. and Phan-Budd, S. and Piccoli, L. and Pla-Dalmau, A. and Plunkett, R. K. and Poling, R. and Potukuchi, B. and Psihas, F. and Pushka, D. and Qiu, X. and Raddatz, N. and Radovic, A. and Rameika, R. A. and Ray, R. and Rebel, B. and Rechenmacher, R. and Reed, B. and Reilly, R. and Rocco, D. and Rodkin, D. and Ruddick, K. and Rusack, R. and Ryabov, V. and Sachdev, K. and Sahijpal, S. and Sahoo, H. and Samoylov, O. and Sanchez, M. C. and Saoulidou, N. and Schlabach, P. and Schneps, J. and Schroeter, R. and Sepulveda-Quiroz, J. and Shanahan, P. and Sherwood, B. and Sheshukov, A. and Singh, J. and Singh, V. and Smith, A. and Smith, D. and Smolik, J. and Solomey, N. and Sotnikov, A. and Sousa, A. and Soustruznik, K. and Stenkin, Y. and Strait, M. and Suter, L. and Talaga, R. L. and Tamsett, M. C. and Tariq, S. and Tas, P. and Tesarek, R. J. and Thayyullathil, R. B. and Thomsen, K. and Tian, X. and Tognini, S. C. and Toner, R. and Trevor, J. and Tzanakos, G. and Urheim, J. and Vahle, P. and Valerio, L. and Vinton, L. and Vrba, T. and Waldron, A. V. and Wang, B. and Wang, Z. and Weber, A. and Wehmann, A. and Whittington, D. and Wilcer, N. and Wildberger, R. and Wildman, D. and Williams, K. and Wojcicki, S. G. and Wood, K. and Xiao, M. and Xin, T. and Yadav, N. and Yang, S. and Zadorozhnyy, S. and Zalesak, J. and Zamorano, B. and Zhao, A. and Zirnstein, J. and Zwaska, R.},
  collaboration = {NOvA Collaboration},
  journal = {Phys. Rev. Lett.},
  volume = {116},
  issue = {15},
  pages = {151806},
  numpages = {7},
  year = {2016},
  month = {Apr},
  publisher = {American Physical Society},
  doi = {10.1103/PhysRevLett.116.151806},
  url = {http://link.aps.org/doi/10.1103/PhysRevLett.116.151806}
}

@article{PhysRevLett.110.251801,
  title = {Measurement of Neutrino and Antineutrino Oscillations Using Beam and Atmospheric Data in MINOS},
  author = {Adamson, P. and Anghel, I. and Backhouse, C. and Barr, G. and Bishai, M. and Blake, A. and Bock, G. J. and Bogert, D. and Cao, S. V. and Castromonte, C. M. and Childress, S. and Coelho, J. A. B. and Corwin, L. and Cronin-Hennessy, D. and de Jong, J. K. and Devan, A. V. and Devenish, N. E. and Diwan, M. V. and Escobar, C. O. and Evans, J. J. and Falk, E. and Feldman, G. J. and Frohne, M. V. and Gallagher, H. R. and Gomes, R. A. and Goodman, M. C. and Gouffon, P. and Graf, N. and Gran, R. and Grzelak, K. and Habig, A. and Hahn, S. R. and Hartnell, J. and Hatcher, R. and Himmel, A. and Holin, A. and Hylen, J. and Irwin, G. M. and Isvan, Z. and James, C. and Jensen, D. and Kafka, T. and Kasahara, S. M. S. and Koizumi, G. and Kordosky, M. and Kreymer, A. and Lang, K. and Ling, J. and Litchfield, P. J. and Lucas, P. and Mann, W. A. and Marshak, M. L. and Mathis, M. and Mayer, N. and McGowan, A. M. and Medeiros, M. M. and Mehdiyev, R. and Meier, J. R. and Messier, M. D. and Michael, D. G. and Miller, W. H. and Mishra, S. R. and Moed Sher, S. and Moore, C. D. and Mualem, L. and Musser, J. and Naples, D. and Nelson, J. K. and Newman, H. B. and Nichol, R. J. and Nowak, J. A. and O'Connor, J. and Oliver, W. P. and Orchanian, M. and Pahlka, R. B. and Paley, J. and Patterson, R. B. and Pawloski, G. and Phan-Budd, S. and Plunkett, R. K. and Qiu, X. and Radovic, A. and Rebel, B. and Rosenfeld, C. and Rubin, H. A. and Sanchez, M. C. and Schneps, J. and Schreckenberger, A. and Schreiner, P. and Sharma, R. and Sousa, A. and Tagg, N. and Talaga, R. L. and Thomas, J. and Thomson, M. A. and Tinti, G. and Tognini, S. C. and Toner, R. and Torretta, D. and Tzanakos, G. and Urheim, J. and Vahle, P. and Viren, B. and Weber, A. and Webb, R. C. and White, C. and Whitehead, L. and Whitehead, L. H. and Wojcicki, S. G. and Zwaska, R.},
  collaboration = {MINOS Collaboration},
  journal = {Phys. Rev. Lett.},
  volume = {110},
  issue = {25},
  pages = {251801},
  numpages = {6},
  year = {2013},
  month = {Jun},
  publisher = {American Physical Society},
  doi = {10.1103/PhysRevLett.110.251801},
  url = {http://link.aps.org/doi/10.1103/PhysRevLett.110.251801}
}


@article{PhysRevD.93.051104,
  title = {First measurement of muon-neutrino disappearance in NOvA},
  author = {Adamson, P. and Ader, C. and Andrews, M. and Anfimov, N. and Anghel, I. and Arms, K. and Arrieta-Diaz, E. and Aurisano, A. and Ayres, D. S. and Backhouse, C. and Baird, M. and Bambah, B. A. and Bays, K. and Bernstein, R. and Betancourt, M. and Bhatnagar, V. and Bhuyan, B. and Bian, J. and Biery, K. and Blackburn, T. and Bocean, V. and Bogert, D. and Bolshakova, A. and Bowden, M. and Bower, C. and Broemmelsiek, D. and Bromberg, C. and Brunetti, G. and Bu, X. and Butkevich, A. and Capista, D. and Catano-Mur, E. and Chase, T. R. and Childress, S. and Choudhary, B. C. and Chowdhury, B. and Coan, T. E. and Coelho, J. A. B. and Colo, M. and Cooper, J. and Corwin, L. and Cronin-Hennessy, D. and Cunningham, A. and Davies, G. S. and Davies, J. P. and Del Tutto, M. and Derwent, P. F. and Deepthi, K. N. and Demuth, D. and Desai, S. and Deuerling, G. and Devan, A. and Dey, J. and Dharmapalan, R. and Ding, P. and Dixon, S. and Djurcic, Z. and Dukes, E. C. and Duyang, H. and Ehrlich, R. and Feldman, G. J. and Felt, N. and Fenyves, E. J. and Flumerfelt, E. and Foulkes, S. and Frank, M. J. and Freeman, W. and Gabrielyan, M. and Gallagher, H. R. and Gebhard, M. and Ghosh, T. and Gilbert, W. and Giri, A. and Goadhouse, S. and Gomes, R. A. and Goodenough, L. and Goodman, M. C. and Grichine, V. and Grossman, N. and Group, R. and Grudzinski, J. and Guarino, V. and Guo, B. and Habig, A. and Handler, T. and Hartnell, J. and Hatcher, R. and Hatzikoutelis, A. and Heller, K. and Howcroft, C. and Huang, J. and Huang, X. and Hylen, J. and Ishitsuka, M. and Jediny, F. and Jensen, C. and Jensen, D. and Johnson, C. and Jostlein, H. and Kafka, G. K. and Kamyshkov, Y. and Kasahara, S. M. S. and Kasetti, S. and Kephart, K. and Koizumi, G. and Kotelnikov, S. and Kourbanis, I. and Krahn, Z. and Kravtsov, V. and Kreymer, A. and Kulenberg, Ch. and Kumar, A. and Kutnink, T. and Kwarciancy, R. and Kwong, J. and Lang, K. and Lee, A. and Lee, W. M. and Lee, K. and Lein, S. and Liu, J. and Lokajicek, M. and Lozier, J. and Lu, Q. and Lucas, P. and Luchuk, S. and Lukens, P. and Lukhanin, G. and Magill, S. and Maan, K. and Mann, W. A. and Marshak, M. L. and Martens, M. and Martincik, J. and Mason, P. and Matera, K. and Mathis, M. and Matveev, V. and Mayer, N. and McCluskey, E. and Mehdiyev, R. and Merritt, H. and Messier, M. D. and Meyer, H. and Miao, T. and Michael, D. and Mikheyev, S. P. and Miller, W. H. and Mishra, S. R. and Mohanta, R. and Moren, A. and Mualem, L. and Muether, M. and Mufson, S. and Musser, J. and Newman, H. B. and Nelson, J. K. and Niner, E. and Norman, A. and Nowak, J. and Oksuzian, Y. and Olshevskiy, A. and Oliver, J. and Olson, T. and Paley, J. and Pandey, P. and Para, A. and Patterson, R. B. and Pawloski, G. and Pearson, N. and Perevalov, D. and Pershey, D. and Peterson, E. and Petti, R. and Phan-Budd, S. and Piccoli, L. and Pla-Dalmau, A. and Plunkett, R. K. and Poling, R. and Potukuchi, B. and Psihas, F. and Pushka, D. and Qiu, X. and Raddatz, N. and Radovic, A. and Rameika, R. A. and Ray, R. and Rebel, B. and Rechenmacher, R. and Reed, B. and Reilly, R. and Rocco, D. and Rodkin, D. and Ruddick, K. and Rusack, R. and Ryabov, V. and Sachdev, K. and Sahijpal, S. and Sahoo, H. and Samoylov, O. and Sanchez, M. C. and Saoulidou, N. and Schlabach, P. and Schneps, J. and Schroeter, R. and Sepulveda-Quiroz, J. and Shanahan, P. and Sherwood, B. and Sheshukov, A. and Singh, J. and Singh, V. and Smith, A. and Smith, D. and Smolik, J. and Solomey, N. and Sotnikov, A. and Sousa, A. and Soustruznik, K. and Stenkin, Y. and Strait, M. and Suter, L. and Talaga, R. L. and Tamsett, M. C. and Tariq, S. and Tas, P. and Tesarek, R. J. and Thayyullathil, R. B. and Thomsen, K. and Tian, X. and Tognini, S. C. and Toner, R. and Trevor, J. and Tzanakos, G. and Urheim, J. and Vahle, P. and Valerio, L. and Vinton, L. and Vrba, T. and Waldron, A. V. and Wang, B. and Wang, Z. and Weber, A. and Wehmann, A. and Whittington, D. and Wilcer, N. and Wildberger, R. and Wildman, D. and Williams, K. and Wojcicki, S. G. and Wood, K. and Xiao, M. and Xin, T. and Yadav, N. and Yang, S. and Zadorozhnyy, S. and Zalesak, J. and Zamorano, B. and Zhao, A. and Zirnstein, J. and Zwaska, R.},
  collaboration = {NOvA Collaboration},
  journal = {Phys. Rev. D},
  volume = {93},
  issue = {5},
  pages = {051104},
  numpages = {8},
  year = {2016},
  month = {Mar},
  publisher = {American Physical Society},
  doi = {10.1103/PhysRevD.93.051104},
  url = {http://link.aps.org/doi/10.1103/PhysRevD.93.051104}
}



@article{Richard:2015aua,
      author         = "Richard, E. and others",
      title          = "{Measurements of the atmospheric neutrino flux by
                        Super-Kamiokande: energy spectra, geomagnetic effects, and
                        solar modulation}",
      collaboration  = "Super-Kamiokande",
      year           = "2015",
      eprint         = "1510.08127",
      archivePrefix  = "arXiv",
      primaryClass   = "hep-ex",
      SLACcitation   = "%%CITATION = ARXIV:1510.08127;%%"
}

@article{Abe:2015rcp,
      author         = "Abe, Y. and others",
      title          = "{Measurement of $\theta_{13}$ in Double Chooz using neutron
                        captures on hydrogen with novel background rejection
                        techniques}",
      collaboration  = "Double Chooz",
      journal        = "JHEP",
      volume         = "01",
      year           = "2016",
      pages          = "163",
      doi            = "10.1007/JHEP01(2016)163",
      eprint         = "1510.08937",
      archivePrefix  = "arXiv",
      primaryClass   = "hep-ex",
      SLACcitation   = "%%CITATION = ARXIV:1510.08937;%%"
}

@article{PhysRevD.91.072004,
  title = {Determining neutrino oscillation parameters from atmospheric muon neutrino disappearance with three years of IceCube DeepCore data},
  author = {Aartsen, M. G. and Ackermann, M. and Adams, J. and Aguilar, J. A. and Ahlers, M. and Ahrens, M. and Altmann, D. and Anderson, T. and Arguelles, C. and Arlen, T. C. and Auffenberg, J. and Bai, X. and Barwick, S. W. and Baum, V. and Bay, R. and Beatty, J. J. and Becker Tjus, J. and Becker, K.-H. and BenZvi, S. and Berghaus, P. and Berley, D. and Bernardini, E. and Bernhard, A. and Besson, D. Z. and Binder, G. and Bindig, D. and Bissok, M. and Blaufuss, E. and Blumenthal, J. and Boersma, D. J. and Bohm, C. and Bos, F. and Bose, D. and B\"oser, S. and Botner, O. and Brayeur, L. and Bretz, H.-P. and Brown, A. M. and Brunner, J. and Buzinsky, N. and Casey, J. and Casier, M. and Cheung, E. and Chirkin, D. and Christov, A. and Christy, B. and Clark, K. and Classen, L. and Clevermann, F. and Coenders, S. and Cowen, D. F. and Cruz Silva, A. H. and Daughhetee, J. and Davis, J. C. and Day, M. and de Andr\'e, J. P. A. M. and De Clercq, C. and De Ridder, S. and Desiati, P. and de Vries, K. D. and de With, M. and DeYoung, T. and D\'{\i}az-V\'elez, J. C. and Dunkman, M. and Eagan, R. and Eberhardt, B. and Eichmann, B. and Eisch, J. and Euler, S. and Evenson, P. A. and Fadiran, O. and Fazely, A. R. and Fedynitch, A. and Feintzeig, J. and Felde, J. and Feusels, T. and Filimonov, K. and Finley, C. and Fischer-Wasels, T. and Flis, S. and Franckowiak, A. and Frantzen, K. and Fuchs, T. and Gaisser, T. K. and Gaior, R. and Gallagher, J. and Gerhardt, L. and Gier, D. and Gladstone, L. and Gl\"usenkamp, T. and Goldschmidt, A. and Golup, G. and Gonzalez, J. G. and Goodman, J. A. and G\'ora, D. and Grant, D. and Gretskov, P. and Groh, J. C. and Gro\ss{}, A. and Ha, C. and Haack, C. and Haj Ismail, A. and Hallen, P. and Hallgren, A. and Halzen, F. and Hanson, K. and Hebecker, D. and Heereman, D. and Heinen, D. and Helbing, K. and Hellauer, R. and Hellwig, D. and Hickford, S. and Hill, G. C. and Hoffman, K. D. and Hoffmann, R. and Homeier, A. and Hoshina, K. and Huang, F. and Huelsnitz, W. and Hulth, P. O. and Hultqvist, K. and Hussain, S. and Ishihara, A. and Jacobi, E. and Jacobsen, J. and Jagielski, K. and Japaridze, G. S. and Jero, K. and Jlelati, O. and Jurkovic, M. and Kaminsky, B. and Kappes, A. and Karg, T. and Karle, A. and Kauer, M. and Keivani, A. and Kelley, J. L. and Kheirandish, A. and Kiryluk, J. and Kl\"as, J. and Klein, S. R. and K\"ohne, J.-H. and Kohnen, G. and Kolanoski, H. and Koob, A. and K\"opke, L. and Kopper, C. and Kopper, S. and Koskinen, D. J. and Kowalski, M. and Kriesten, A. and Krings, K. and Kroll, G. and Kroll, M. and Kunnen, J. and Kurahashi, N. and Kuwabara, T. and Labare, M. and Lanfranchi, J. L. and Larsen, D. T. and Larson, M. J. and Lesiak-Bzdak, M. and Leuermann, M. and L\"unemann, J. and Madsen, J. and Maggi, G. and Maruyama, R. and Mase, K. and Matis, H. S. and Maunu, R. and McNally, F. and Meagher, K. and Medici, M. and Meli, A. and Meures, T. and Miarecki, S. and Middell, E. and Middlemas, E. and Milke, N. and Miller, J. and Mohrmann, L. and Montaruli, T. and Morse, R. and Nahnhauer, R. and Naumann, U. and Niederhausen, H. and Nowicki, S. C. and Nygren, D. R. and Obertacke, A. and Odrowski, S. and Olivas, A. and Omairat, A. and O'Murchadha, A. and Palczewski, T. and Paul, L. and Penek, \"O. and Pepper, J. A. and P\'erez de los Heros, C. and Pfendner, C. and Pieloth, D. and Pinat, E. and Posselt, J. and Price, P. B. and Przybylski, G. T. and P\"utz, J. and Quinnan, M. and R\"adel, L. and Rameez, M. and Rawlins, K. and Redl, P. and Rees, I. and Reimann, R. and Relich, M. and Resconi, E. and Rhode, W. and Richman, M. and Riedel, B. and Robertson, S. and Rodrigues, J. P. and Rongen, M. and Rott, C. and Ruhe, T. and Ruzybayev, B. and Ryckbosch, D. and Saba, S. M. and Sander, H.-G. and Sandroos, J. and Santander, M. and Sarkar, S. and Schatto, K. and Scheriau, F. and Schmidt, T. and Schmitz, M. and Schoenen, S. and Sch\"oneberg, S. and Sch\"onwald, A. and Schukraft, A. and Schulte, L. and Schulz, O. and Seckel, D. and Sestayo, Y. and Seunarine, S. and Shanidze, R. and Smith, M. W. E. and Soldin, D. and Spiczak, G. M. and Spiering, C. and Stamatikos, M. and Stanev, T. and Stanisha, N. A. and Stasik, A. and Stezelberger, T. and Stokstad, R. G. and St\"o\ss{}l, A. and Strahler, E. A. and Str\"om, R. and Strotjohann, N. L. and Sullivan, G. W. and Taavola, H. and Taboada, I. and Tamburro, A. and Tepe, A. and Ter-Antonyan, S. and Terliuk, A. and Te\ifmmode \check{s}\else \v{s}\fi{}i\ifmmode \acute{c}\else \'{c}\fi{}, G. and Tilav, S. and Toale, P. A. and Tobin, M. N. and Tosi, D. and Tselengidou, M. and Unger, E. and Usner, M. and Vallecorsa, S. and van Eijndhoven, N. and Vandenbroucke, J. and van Santen, J. and Vehring, M. and Voge, M. and Vraeghe, M. and Walck, C. and Wallraff, M. and Weaver, Ch. and Wellons, M. and Wendt, C. and Westerhoff, S. and Whelan, B. J. and Whitehorn, N. and Wichary, C. and Wiebe, K. and Wiebusch, C. H. and Williams, D. R. and Wissing, H. and Wolf, M. and Wood, T. R. and Woschnagg, K. and Xu, D. L. and Xu, X. W. and Yanez, J. P. and Yodh, G. and Yoshida, S. and Zarzhitsky, P. and Ziemann, J. and Zierke, S. and Zoll, M.},
  collaboration = {IceCube Collaboration},
  journal = {Phys. Rev. D},
  volume = {91},
  issue = {7},
  pages = {072004},
  numpages = {10},
  year = {2015},
  month = {Apr},
  publisher = {American Physical Society},
  doi = {10.1103/PhysRevD.91.072004},
  url = {http://link.aps.org/doi/10.1103/PhysRevD.91.072004}
}

@article{An:2013zwz,
      author         = "An, F. P. and others",
      title          = "{Spectral measurement of electron antineutrino
                        oscillation amplitude and frequency at Daya Bay}",
      collaboration  = "Daya Bay",
      journal        = "Phys. Rev. Lett.",
      volume         = "112",
      year           = "2014",
      pages          = "061801",
      doi            = "10.1103/PhysRevLett.112.061801",
      eprint         = "1310.6732",
      archivePrefix  = "arXiv",
      primaryClass   = "hep-ex",
      SLACcitation   = "%%CITATION = ARXIV:1310.6732;%%"
}

@article{Kim:2016yvm,
      author         = "Kim, Soo-Bong",
      title          = "{Measurement of neutrino mixing angle $\Theta_{13}$ and
                        mass difference $\Delta m^2_{ee}$ from reactor
                        antineutrino disappearance in the RENO experiment}",
      collaboration  = "RENO",
      journal        = "Nucl. Phys.",
      volume         = "B908",
      year           = "2016",
      pages          = "94-115",
      doi            = "10.1016/j.nuclphysb.2016.02.036",
      SLACcitation   = "%%CITATION = NUPHA,B908,94;%%"
}

@article{Borexino2014,
abstract = {In the core of the Sun, energy is released through sequences of nuclear reactions that convert hydrogen into helium. The primary reaction is thought to be the fusion of two protons with the emission of a low-energy neutrino. These so-called pp neutrinos constitute nearly the entirety of the solar neutrino flux, vastly outnumbering those emitted in the reactions that follow. Although solar neutrinos from secondary processes have been observed, proving the nuclear origin of the Sun/'s energy and contributing to the discovery of neutrino oscillations, those from proton-proton fusion have hitherto eluded direct detection. Here we report spectral observations of pp neutrinos, demonstrating that about 99 per cent of the power of the Sun, 3.84 [times] 1033 ergs per second, is generated by the proton-proton fusion process.},
author = {Collaboration, Borexino},
issn = {0028-0836},
journal = {Nature},
month = {aug},
number = {7515},
pages = {383--386},
publisher = {Nature Publishing Group, a division of Macmillan Publishers Limited. All Rights Reserved.},
title = {{Neutrinos from the primary proton-proton fusion process in the Sun}},
url = {http://dx.doi.org/10.1038/nature13702 http://10.1038/nature13702},
volume = {512},
year = {2014}
}


@article{DeRosa:2016ifc,
      author         = "De Rosa, Gianfranca",
      title          = "{Status and neutrino oscillation physics potential of the
                        Hyper-Kamiokande Project in Japan}",
      booktitle      = "{Proceedings, 14th International Conference on Topics in
                        Astroparticle and Underground Physics (TAUP 2015)}",
      collaboration  = "Hyper-Kamiokande",
      journal        = "J. Phys. Conf. Ser.",
      volume         = "718",
      year           = "2016",
      number         = "6",
      pages          = "062014",
      doi            = "10.1088/1742-6596/718/6/062014",
      SLACcitation   = "%%CITATION = 00462,718,062014;%%"
}

@article{Kouchner:2016pqa,
      author         = "Kouchner, Antoine",
      title          = "{KM3NeT - ORCA: measuring the neutrino mass ordering in
                        the Mediterranean}",
      booktitle      = "{Proceedings, 14th International Conference on Topics in
                        Astroparticle and Underground Physics (TAUP 2015)}",
      journal        = "J. Phys. Conf. Ser.",
      volume         = "718",
      year           = "2016",
      number         = "6",
      pages          = "062030",
      doi            = "10.1088/1742-6596/718/6/062030",
      SLACcitation   = "%%CITATION = 00462,718,062030;%%"
}

@article{Davis:1968cp,
      author         = "Davis, Jr., Raymond and Harmer, Don S. and Hoffman,
                        Kenneth C.",
      title          = "{Search for neutrinos from the sun}",
      journal        = "Phys. Rev. Lett.",
      volume         = "20",
      year           = "1968",
      pages          = "1205-1209",
      doi            = "10.1103/PhysRevLett.20.1205",
      SLACcitation   = "%%CITATION = PRLTA,20,1205;%%"
}

@article{Gonzalez-Garcia:2013usa,
      author         = "Gonzalez-Garcia, M. C. and Maltoni, Michele",
      title          = "{Determination of matter potential from global analysis
                        of neutrino oscillation data}",
      journal        = "JHEP",
      volume         = "09",
      year           = "2013",
      pages          = "152",
      doi            = "10.1007/JHEP09(2013)152",
      eprint         = "1307.3092",
      archivePrefix  = "arXiv",
      reportNumber   = "IFT-UAM-CSIC-13-078, YITP-SB-13-20",
      SLACcitation   = "%%CITATION = ARXIV:1307.3092;%%"
}

@article{Gninenko:2011xa,
      author         = "Gninenko, S. N.",
      title          = "{The LSND/MiniBooNe excess events and heavy neutrino from
                        muon and kaon decays}",
      journal        = "Phys. Rev.",
      volume         = "D83",
      year           = "2011",
      pages          = "093010",
      doi            = "10.1103/PhysRevD.83.093010",
      eprint         = "1101.4004",
      archivePrefix  = "arXiv",
      primaryClass   = "hep-ex",
      SLACcitation   = "%%CITATION = ARXIV:1101.4004;%%"
}

@article{Sigl:1992fn,
      author         = "Sigl, G. and Raffelt, G.",
      title          = "{General kinetic description of relativistic mixed
                        neutrinos}",
      journal        = "Nucl. Phys.",
      volume         = "B406",
      year           = "1993",
      pages          = "423-451",
      doi            = "10.1016/0550-3213(93)90175-O",
      reportNumber   = "MPI-PH-92-112",
      SLACcitation   = "%%CITATION = NUPHA,B406,423;%%"
}

@article{Balantekin:2013kc,
	Abstract = {This review summarizes recent experimental and theoretical progress in determining neutrino mixing angles and masses through neutrino oscillations. We describe the basic physics of oscillation phenomena in vacuum and matter, as well as the status of solar, reactor, atmospheric, and accelerator neutrino experiments that probe these phenomena. The results from current global analyses of neutrino parameters are given. Future efforts that may improve the precision with which these parameters are known or probe new aspects of the neutrino mixing matrix are described.},
	Author = {A. B. Balantekin and W. C. Haxton},
	Date-Added = {2014-09-09 15:50:00 +0000},
	Date-Modified = {2014-09-09 15:50:00 +0000},
	Eprint = {1303.2272},
	Month = {03},
	Title = {Neutrino Oscillations},
	Url = {http://arxiv.org/abs/1303.2272},
	Year = {2013},
	Bdsk-Url-1 = {http://arxiv.org/abs/1303.2272}}

@article{Blennow:2013hi,
	Abstract = {We describe the effects of neutrino propagation in the matter of the Earth relevant for experiments with atmospheric and accelerator neutrinos and aimed at the determination of the neutrino mass hierarchy and CP-violation. These include (i) the resonance enhancement of neutrino oscillations in matter with constant or nearly constant density, (ii) adiabatic conversion in matter with slowly changing density, (iii) parametric enhancement of oscillations in a multi-layer medium, (iv) oscillations in thin layers of matter. We present the results of semi-analytic descriptions of flavor transitions for the cases of small density perturbations, in the limit of large densities and for small density widths. Neutrino oscillograms of the Earth and their structure after determination of the 1-3 mixing are described. A possibility to identify the neutrino mass hierarchy with the atmospheric neutrinos and multi-megaton scale detectors having low energy thresholds is explored. The potential of future accelerator experiments to establish the hierarchy is outlined.},
	Author = {Mattias Blennow and Alexei Yu. Smirnov},
	Date-Added = {2014-09-09 15:46:53 +0000},
	Date-Modified = {2014-09-09 15:46:53 +0000},
	Eprint = {1306.2903},
	Month = {06},
	Title = {Neutrino Propagation in Matter},
	Url = {http://arxiv.org/abs/1306.2903},
	Year = {2013},
	Bdsk-Url-1 = {http://arxiv.org/abs/1306.2903}}

@article{Calland:2013vaa,
      author         = "Calland, R. G. and Kaboth, A. C. and Payne, D.",
      title          = "{Accelerated Event-by-Event Neutrino Oscillation
                        Reweighting with Matter Effects on a GPU}",
      journal        = "JINST",
      volume         = "9",
      year           = "2014",
      pages          = "P04016",
      doi            = "10.1088/1748-0221/9/04/P04016",
      eprint         = "1311.7579",
      archivePrefix  = "arXiv",
      primaryClass   = "physics.data-an",
      SLACcitation   = "%%CITATION = ARXIV:1311.7579;%%"
}

@misc{prob3pp,
  title = {{Prob3++} software for computing three flavor neutrino
  oscillation probabilities.},
  howpublished = {\url{http://www.phy.duke.edu/~raw22/public/Prob3++/}},
  note = {2012}
}

@article{Blennow:2007tw,
	Archiveprefix = {arXiv},
	Author = {Blennow, Mattias and Edsjo, Joakim and Ohlsson, Tommy},
	Date-Added = {2014-09-09 15:42:51 +0000},
	Date-Modified = {2014-09-09 15:42:51 +0000},
	Doi = {10.1088/1475-7516/2008/01/021},
	Eprint = {0709.3898},
	Journal = {JCAP},
	Pages = {021},
	Primaryclass = {hep-ph},
	Slaccitation = {%%CITATION = ARXIV:0709.3898;%%},
	Title = {{Neutrinos from WIMP annihilations using a full three-flavor Monte Carlo}},
	Volume = {0801},
	Year = {2008},
	Bdsk-Url-1 = {http://dx.doi.org/10.1088/1475-7516/2008/01/021}}

@article{Wolfenstein:1977ue,
	Author = {Wolfenstein, L.},
	Date-Added = {2014-09-09 15:40:53 +0000},
	Date-Modified = {2014-09-09 15:40:53 +0000},
	Doi = {10.1103/PhysRevD.17.2369},
	Journal = {Phys.Rev.},
	Pages = {2369-2374},
	Reportnumber = {COO-3066-102},
	Slaccitation = {%%CITATION = PHRVA,D17,2369;%%},
	Title = {{Neutrino Oscillations in Matter}},
	Volume = {D17},
	Year = {1978},
	Bdsk-Url-1 = {http://dx.doi.org/10.1103/PhysRevD.17.2369}}

@article{Akhmedov:1999uz,
	Archiveprefix = {arXiv},
	Author = {Akhmedov, Evgeny K.},
	Date-Added = {2014-09-09 15:40:07 +0000},
	Date-Modified = {2014-09-09 15:40:07 +0000},
	Eprint = {hep-ph/0001264},
	Pages = {103-164},
	Primaryclass = {hep-ph},
	Reportnumber = {FISIST-1-2000-CFIF},
	Slaccitation = {%%CITATION = HEP-PH/0001264;%%},
	Title = {{Neutrino physics}},
	Year = {1999}}

@article{Mikheev:1986wj,
	Author = {Mikheev, S.P. and Smirnov, A. Yu.},
	Date-Added = {2014-09-09 15:39:26 +0000},
	Date-Modified = {2014-09-09 15:39:26 +0000},
	Doi = {10.1007/BF02508049},
	Journal = {Nuovo Cim.},
	Pages = {17-26},
	Slaccitation = {%%CITATION = NUCIA,C9,17;%%},
	Title = {{Resonant amplification of neutrino oscillations in matter and solar neutrino spectroscopy}},
	Volume = {C9},
	Year = {1986},
	Bdsk-Url-1 = {http://dx.doi.org/10.1007/BF02508049}}

@article{Mikheev:1986gs,
	Author = {Mikheev, S.P. and Smirnov, A. Yu.},
	Date-Added = {2014-09-09 15:38:45 +0000},
	Date-Modified = {2014-09-09 15:38:45 +0000},
	Journal = {Sov.J.Nucl.Phys.},
	Pages = {913-917},
	Slaccitation = {%%CITATION = SJNCA,42,913;%%},
	Title = {{Resonance Amplification of Oscillations in Matter and Spectroscopy of Solar Neutrinos}},
	Volume = {42},
	Year = {1985}}

@article{Arguelles:2012cf,
	Archiveprefix = {arXiv},
	Author = {Arg\"uelles Delgado, Carlos A. and Kopp, Joachim},
	Date-Added = {2014-09-09 15:37:27 +0000},
	Date-Modified = {2014-09-09 16:00:06 +0000},
	Doi = {10.1088/1475-7516/2012/07/016},
	Eprint = {1202.3431},
	Journal = {JCAP},
	Pages = {016},
	Primaryclass = {hep-ph},
	Reportnumber = {FERMILAB-PUB-12-038-T},
	Slaccitation = {%%CITATION = ARXIV:1202.3431;%%},
	Title = {{Sterile neutrinos and indirect dark matter searches in IceCube}},
	Volume = {1207},
	Year = {2012},
	Bdsk-Url-1 = {http://dx.doi.org/10.1088/1475-7516/2012/07/016}}

@article{Cirelli:mw,
	Abstract = {We study the fluxes of neutrinos from annihilations of dark matter particles in the Sun and the Earth. We give the spectra of all neutrino flavors for the main known annihilation channels: nu-antinu, b-bbar, tau-taubar, c-cbar, light quarks, ZZ, W^+W^-. We present the appropriate formalism for computing the combined effect of oscillations, absorptions, nu_tau-regeneration. Total rates are modified by an O(0.1--10) factor, comparable to astrophysical uncertainties, that instead negligibly affect the spectra. We then calculate different signal topologies in neutrino telescopes: through-going muons, contained muons, showers, and study their capabilities to discriminate a dark matter signal from backgrounds. We finally discuss how measuring the neutrino spectra can allow to reconstruct the fundamental properties of the dark matter: its mass and its annihilation branching ratios.},
	Author = {Marco Cirelli and Nicolao Fornengo and Teresa Montaruli and Igor Sokalski and Alessandro Strumia and Francesco Vissani},
	Date-Added = {2014-09-09 15:35:32 +0000},
	Date-Modified = {2014-09-09 15:41:58 +0000},
	Eprint = {hep-ph/0506298},
	Title = {Spectra of neutrinos from dark matter annihilations},
	Url = {http://arxiv.org/abs/hep-ph/0506298},
	Year = {2005},
	Bdsk-Url-1 = {http://arxiv.org/abs/hep-ph/0506298}}

@article{Conrad:2013oq,
	Abstract = {This paper reviews the results of the LSND and MiniBooNE experiments. The primary goal of each experiment was to effect sensitive searches for neutrino oscillations in the mass region with $\Delta m^2 \sim 1$ eV$^2$. The two experiments are complementary, and so the comparison of results can bring additional information with respect to models with sterile neutrinos. Both experiments obtained evidence for $\bar \nu_\mu \rightarrow \bar \nu_e$ oscillations, and MiniBooNE also observed a $\nu_\mu \rightarrow \nu_e$ excess. In this paper, we review the design, analysis, and results from these experiments. We then consider the results within the global context of sterile neutrino oscillation models. The final data sets require a more extended model than the simple single sterile neutrino model imagined at the time that LSND drew to a close and MiniBooNE began. We show that there are apparent incompatibilities between data sets in models with two sterile neutrinos. However, these incompatibilities may be explained with variations within the systematic error. Overall, models with two (or three) sterile neutrinos seem to succeed in fitting the global data, and they make interesting predictions for future experiments.},
	Author = {Janet M. Conrad and William C. Louis and Michael H. Shaevitz},
	Date-Added = {2014-09-09 15:34:01 +0000},
	Date-Modified = {2014-09-09 15:34:01 +0000},
	Eprint = {1306.6494},
	Month = {06},
	Title = {The LSND and MiniBooNE Oscillation Searches at High $Δm^2$},
	Url = {http://arxiv.org/abs/1306.6494},
	Year = {2013},
	Bdsk-Url-1 = {http://arxiv.org/abs/1306.6494}}

@article{Zhang:2013ay,
	Abstract = {We derive a suite of generalized Boltzmann equations, based on the density-matrix formalism, that incorporates the physics of neutrino oscillations for two- and three-flavor oscillations, matter refraction, and self-refraction. The resulting equations are straightforward extensions of the classical transport equations that nevertheless contain the full physics of quantum oscillation phenomena. In this way, our broadened formalism provides a bridge between the familiar neutrino transport algorithms employed by supernova modelers and the more quantum-heavy approaches frequently employed to illuminate the various neutrino oscillation effects. We also provide the corresponding angular-moment versions of this generalized equation set. Our goal is to make it easier for astrophysicists to address oscillation phenomena in a language with which they are familiar. The equations we derive are simple and practical, and are intended to facilitate progress concerning oscillation phenomena in the context of core-collapse supernova theory.},
	Author = {Yunfan Zhang and Adam Burrows},
	Date-Added = {2014-09-09 15:31:30 +0000},
	Date-Modified = {2014-09-09 15:31:30 +0000},
	Eprint = {1310.2164},
	Month = {10},
	Title = {Transport Equations for Oscillating Neutrinos},
	Url = {http://arxiv.org/abs/1310.2164},
	Year = {2013},
	Bdsk-Url-1 = {http://arxiv.org/abs/1310.2164}}

@article{Strack:qd,
	Abstract = {In the standard approaches to neutrino transport in the simulation of core-collapse supernovae, one will often start from the classical Boltzmann equation for the neutrino's spatial, temporal, and spectral evolution. For each neutrino species, and its anti-particle, the classical density in phase space, or the associated specific intensity, will be calculated as a function of time. The neutrino radiation is coupled to matter by source and sink terms on the "right-hand-side" of the transport equation and together with the equations of hydrodynamics this set of coupled partial differential equations for classical densities describes, in principle, the evolution of core collapse and explosion. However, with the possibility of neutrino oscillations between species, a purely quantum-physical effect, how to generalize this set of Boltzmann equations for classical quantities to reflect oscillation physics has not been clear. To date, the formalisms developed have retained the character of quantum operator physics involving complex quantities and have not been suitable for easy incorporation into standard supernova codes. In this paper, we derive generalized Boltzmann equations for quasi-classical, real-valued phase-space densities that retain all the standard oscillation phenomenology, including resonant flavor conversion (the MSW effect), neutrino self-interactions, and the interplay between decohering matter coupling and flavor oscillations. With this formalism, any code(s) that can now handle the solution of the classical Boltzmann or transport equation can easily be generalized to include neutrino oscillations in a quantum-physically consistent fashion.},
	Author = {P. Strack and A. Burrows},
	Date-Added = {2014-09-09 15:30:44 +0000},
	Date-Modified = {2014-09-09 15:33:06 +0000},
	Eprint = {hep-ph/0504035},
	Title = {Generalized Boltzmann formalism for oscillating neutrinos},
	Url = {http://arxiv.org/abs/hep-ph/0504035},
	Year = {2005},
	Bdsk-Url-1 = {http://arxiv.org/abs/hep-ph/0504035}}

@article{Duan:2010tk,
	Abstract = {We review the rich phenomena associated with neutrino flavor transformation in the presence of neutrino self-coupling. Our exposition centers on three collective neutrino oscillation scenarios: a simple bipolar neutrino system that initially consists of mono-energetic electron neutrinos and antineutrinos; a homogeneous and isotropic neutrino gas with multiple neutrino/antineutrino species and continuous energy spectra; and a generic neutrino gas in an anisotropic environment. We use each of these scenarios to illustrate key facets of collective neutrino oscillations. We discuss the implications of collective neutrino flavor oscillations for core collapse supernova physics and for the prospects of obtaining fundamental neutrino properties, e.g., the neutrino mass hierarchy and $\theta_{13}$ from a future observed supernova neutrino signal.},
	Author = {Huaiyu Duan and George M. Fuller and Yong-Zhong Qian},
	Date-Added = {2014-09-09 15:29:50 +0000},
	Date-Modified = {2014-09-09 15:29:50 +0000},
	Eprint = {1001.2799},
	Month = {01},
	Title = {Collective Neutrino Oscillations},
	Url = {http://arxiv.org/abs/1001.2799},
	Year = {2010},
	Bdsk-Url-1 = {http://arxiv.org/abs/1001.2799}}

@article{kopp2013sterile,
	Author = {Kopp, Joachim and Machado, Pedro AN and Maltoni, Michele and Schwetz, Thomas},
	Date-Added = {2014-09-09 15:24:32 +0000},
	Date-Modified = {2014-09-09 15:24:32 +0000},
	Journal = {Journal of High Energy Physics},
	Number = {5},
	Pages = {1--52},
	Publisher = {Springer},
	Title = {Sterile neutrino oscillations: the global picture},
	Volume = {2013},
	Year = {2013}}

@article{gonzalez2012global,
	Author = {Gonzalez-Garcia, MC and Maltoni, Michele and Salvado, Jordi and Schwetz, Thomas},
	Date-Added = {2014-09-09 15:20:21 +0000},
	Date-Modified = {2014-09-09 15:20:21 +0000},
	Journal = {Journal of High Energy Physics},
	Number = {12},
	Pages = {1--24},
	Publisher = {Springer},
	Title = {Global fit to three neutrino mixing: critical look at present precision},
	Volume = {2012},
	Year = {2012}}

@inproceedings{folk1999hdf5,
	Author = {Folk, Mike and Cheng, Albert and Yates, Kim},
	Booktitle = {Proceedings of Supercomputing},
	Date-Added = {2014-09-09 06:36:20 +0000},
	Date-Modified = {2014-09-09 06:36:20 +0000},
	Title = {HDF5: A file format and I/O library for high performance computing applications},
	Volume = {99},
	Year = {1999}}

@article{bahcall2005new,
	Author = {Bahcall, John N and Serenelli, Aldo M and Basu, Sarbani},
	Date-Added = {2014-09-09 05:27:12 +0000},
	Date-Modified = {2014-09-09 05:27:12 +0000},
	Journal = {The Astrophysical Journal Letters},
	Number = {1},
	Pages = {L85},
	Publisher = {IOP Publishing},
	Title = {New solar opacities, abundances, helioseismology, and neutrino fluxes},
	Volume = {621},
	Year = {2005}}

@article{dziewonski1981preliminary,
	Author = {Dziewonski, Adam M and Anderson, Don L},
	Date-Added = {2014-09-09 04:31:36 +0000},
	Date-Modified = {2014-09-09 04:31:36 +0000},
	Journal = {Physics of the earth and planetary interiors},
	Number = {4},
	Pages = {297--356},
	Publisher = {Elsevier},
	Title = {Preliminary reference Earth model},
	Volume = {25},
	Year = {1981}}

@article{SQUIDS,
	Author = {Arg\"uelles Delgado, Carlos Alberto and Salvado Serra, Jordi},
	Date-Added = {2014-09-08 22:56:32 +0000},
	Date-Modified = {2014-09-29 21:26:30 +0000},
	Title = {A Simple Quantum Integro Differential Solver (SQuIDS)},
	Year = {2014}}

@book{gough2009gnu,
	Author = {Gough, Brian},
	Date-Added = {2014-09-08 05:18:51 +0000},
	Date-Modified = {2014-09-08 05:18:51 +0000},
	Publisher = {Network Theory Ltd.},
	Title = {GNU scientific library reference manual},
	Year = {2009}}

@misc{gsl2008scientific,
	Author = {GSL, GNU},
	Date-Added = {2014-09-08 05:18:22 +0000},
	Date-Modified = {2014-09-08 05:18:22 +0000},
	Title = {Scientific Library},
	Year = {2008}}

@article{Dutta:2000jv,
	Archiveprefix = {arXiv},
	Author = {Dutta, Sharada Iyer and Reno, Mary Hall and Sarcevic, Ina},
	Date-Added = {2014-09-08 03:33:07 +0000},
	Date-Modified = {2014-09-08 03:42:03 +0000},
	Doi = {10.1103/PhysRevD.62.123001},
	Eprint = {hep-ph/0005310},
	Journal = {Phys.Rev.},
	Pages = {123001},
	Primaryclass = {hep-ph},
	Slaccitation = {%%CITATION = HEP-PH/0005310;%%},
	Title = {{Tau neutrinos underground: Signals of muon-neutrino $\to$ tau-neutrino oscillations with extragalactic neutrinos}},
	Volume = {D62},
	Year = {2000},
	Bdsk-Url-1 = {http://dx.doi.org/10.1103/PhysRevD.62.123001}}

@article{Gonzalez-Garcia:2005xw,
	Archiveprefix = {arXiv},
	Author = {Gonzalez-Garcia, M.C. and Halzen, F. and Maltoni, M.},
	Date-Added = {2014-09-06 16:27:04 +0000},
	Date-Modified = {2014-09-06 16:33:01 +0000},
	Doi = {10.1103/PhysRevD.71.093010},
	Eprint = {hep-ph/0502223},
	Journal = {Phys.Rev.},
	Pages = {093010},
	Primaryclass = {hep-ph},
	Reportnumber = {YITP-SB-05-04, MADPH-05-1417},
	Slaccitation = {%%CITATION = HEP-PH/0502223;%%},
	Title = {{Physics reach of high-energy and high-statistics icecube atmospheric neutrino data}},
	Volume = {D71},
	Year = {2005},
	Bdsk-Url-1 = {http://dx.doi.org/10.1103/PhysRevD.71.093010}}

@article{Gonzalez-Garcia:2008vn,
	Abstract = {A measurement of the absorption of neutrinos with energies in excess of 10 TeV when traversing the Earth is capable of revealing its density distribution. Unfortunately, the existence of beams with sufficient luminosity for the task has been ruled out by the AMANDA South Pole neutrino telescope. In this Letter we point out that, with the advent of second-generation kilometer-scale neutrino detectors, the idea of studying the internal structure of Earth may be revived using atmospheric neutrinos instead.},
	Author = {Gonzalez-Garcia, M C and Halzen, Francis and Maltoni, Michele and Tanaka, Hiroyuki K M},
	Date-Added = {2014-09-06 16:10:41 +0000},
	Date-Modified = {2014-09-06 16:10:41 +0000},
	Journal = {Phys Rev Lett},
	Journal-Full = {Physical review letters},
	Month = {Feb},
	Number = {6},
	Pages = {061802},
	Pmid = {18352455},
	Pst = {ppublish},
	Title = {Radiography of Earth's core and mantle with atmospheric neutrinos},
	Volume = {100},
	Year = {2008}}

@article{Agarwalla:2012mz,
	Archiveprefix = {arXiv},
	Author = {Agarwalla, S.K. and Akhmedov, E. and Blennow, M. and Coloma, P. and Donini, A. and others},
	Eprint = {1209.2825},
	Primaryclass = {hep-ph},
	Reportnumber = {EURONU-WP6-11-34},
	Title = {EUROnu-WP6 2010 Report},
	Year = {2012}}


@article{Pontecorvo:1967fh,
      author         = "Pontecorvo, B.",
      title          = "{Neutrino Experiments and the Problem of Conservation of
                        Leptonic Charge}",
      journal        = "Sov. Phys. JETP",
      volume         = "26",
      year           = "1968",
      pages          = "984-988",
      note           = "[Zh. Eksp. Teor. Fiz.53,1717(1967)]",
      SLACcitation   = "%%CITATION = SPHJA,26,984;%%"
}
